%% distored prob refs

@article{starmer2000developments,
  title={Developments in non-expected utility theory: The hunt for a descriptive theory of choice under risk},
  author={Starmer, Chris},
  journal={Journal of economic literature},
  pages={332--382},
  year={2000},
  publisher={JSTOR}
}

@book{fishburn1970expectedutility,
  title={{Utility theory for decision making}},
  author={P.C. Fishburn},
  year={1970},
  publisher={Wiley, New York}
}

@book{quiggin2012generalized,
  title={Generalized expected utility theory: The rank-dependent model},
  author={Quiggin, John},
  year={2012},
  publisher={Springer Science \& Business Media}
}

@article{prelec1998probability,
  title={The probability weighting function},
  author={Prelec, Drazen},
  journal={Econometrica},
  pages={497--527},
  year={1998},
  publisher={JSTOR}
}

@article{wu1996curvature,
  title={Curvature of the probability weighting function},
  author={Wu, George and Gonzalez, Richard},
  journal={Management science},
  volume={42},
  number={12},
  pages={1676--1690},
  year={1996},
  publisher={INFORMS}
}

% Empirical evidence for probability weights
@article{conlisk1989three,
  title={Three variants on the Allais example},
  author={Conlisk, John},
  journal={The American Economic Review},
  pages={392--407},
  year={1989},
  publisher={JSTOR}
}

@article{camerer1989experimental,
  title={An experimental test of several generalized utility theories},
  author={Camerer, Colin F},
  journal={Journal of Risk and uncertainty},
  volume={2},
  number={1},
  pages={61--104},
  year={1989},
  publisher={Springer}
}

@incollection{camerer1992recent,
  title={Recent tests of generalizations of expected utility theory},
  author={Camerer, Colin F},
  booktitle={Utility theories: Measurements and applications},
  pages={207--251},
  year={1992},
  publisher={Springer}
}

@article{harless1992predictions,
  title={Predictions about indifference curves inside the unit triangle: A test of variants of expected utility theory},
  author={Harless, David W},
  journal={Journal of Economic Behavior \& Organization},
  volume={18},
  number={3},
  pages={391--414},
  year={1992},
  publisher={Elsevier}
}

@article{sopher1993test,
  title={A test of generalized expected utility theory},
  author={Sopher, Barry and Gigliotti, Gary},
  journal={Theory and Decision},
  volume={35},
  number={1},
  pages={75--106},
  year={1993},
  publisher={Springer}
}

@article{camerer1994violations,
  title={Violations of the betweenness axiom and nonlinearity in probability},
  author={Camerer, Colin F and Ho, Teck-Hua},
  journal={Journal of risk and uncertainty},
  volume={8},
  number={2},
  pages={167--196},
  year={1994},
  publisher={Springer}
}

@article{gonzalez1999shape,
  title={On the shape of the probability weighting function},
  author={Gonzalez, Richard and Wu, George},
  journal={Cognitive psychology},
  volume={38},
  number={1},
  pages={129--166},
  year={1999},
  publisher={Elsevier}
}

@article{abdellaoui2000parameter,
  title={Parameter-free elicitation of utility and probability weighting functions},
  author={Abdellaoui, Mohammed},
  journal={Management Science},
  volume={46},
  number={11},
  pages={1497--1512},
  year={2000},
  publisher={INFORMS}
}

% Empirical evidence with experiments that involve repitition
@article{bone1999groups,
  title={Are groups more (or less) consistent than individuals?},
  author={Bone, John and Hey, John and Suckling, John},
  journal={Journal of Risk and Uncertainty},
  volume={18},
  number={1},
  pages={63--81},
  year={1999},
  publisher={Springer}
}

@article{timmerman1994can,
  title={Can agents learn to rational expectations? Some results on convergence and stability of learning in the UK stock market},
  author={Timmerman, Allan},
  journal={The Economic Journal},
  pages={777--797},
  year={1994},
  publisher={JSTOR}
}

% Applications of PT/CPT/distorted prob works
@techreport{barberis1999prospect,
  title={Prospect theory and asset prices},
  author={Barberis, Nicholas and Huang, Ming and Santos, Tano},
  year={1999},
  institution={National bureau of economic research}
}

@article{lenert1999associations,
  title={Associations between health status and utilities implications for policy},
  author={Lenert, Leslie A and Treadwell, Jonathan R and Schwartz, Carolyn E},
  journal={Medical Care},
  volume={37},
  number={5},
  pages={479--489},
  year={1999},
  publisher={LWW}
}

@article{goda2008application,
  title={Application of cumulative prospect theory: Implied seismic design preference},
  author={Goda, K and Hong, HP},
  journal={Structural Safety},
  volume={30},
  number={6},
  pages={506--516},
  year={2008},
  publisher={Elsevier}
}

@article{gao2010adaptive,
  title={Adaptive route choices in risky traffic networks: A prospect theory approach},
  author={Gao, Song and Frejinger, Emma and Ben-Akiva, Moshe},
  journal={Transportation research part C: emerging technologies},
  volume={18},
  number={5},
  pages={727--740},
  year={2010},
  publisher={Elsevier}
}

@article{fujii2004drivers,
  title={Drivers' mental representation of travel time and departure time choice in uncertain traffic network conditions},
  author={Fujii, Satoshi and Kitamura, Ryuichi},
  journal={Networks and Spatial Economics},
  volume={4},
  number={3},
  pages={243--256},
  year={2004},
  publisher={Springer}
}

@phdthesis{ramming2001network,
  title={Network knowledge and route choice},
  author={Ramming, Michael Scott},
  year={2001},
  school={Massachusetts Institute of Technology}
}

@article{weinberg2005exploring,
  title={Exploring the WOW in online-auction feedback},
  author={Weinberg, Bruce D and Davis, Lenita},
  journal={Journal of Business Research},
  volume={58},
  number={11},
  pages={1609--1621},
  year={2005},
  publisher={Elsevier}
}

@article{machina1995non,
  title={Non-expected utility and the robustness of the classical insurance paradigm},
  author={Machina, Mark J},
  journal={The Geneva Papers on Risk and Insurance Theory},
  volume={20},
  number={1},
  pages={9--50},
  year={1995},
  publisher={Springer}
}

@article{epstein1989substitution,
  title={Substitution, risk aversion, and the temporal behavior of consumption and asset returns: A theoretical framework},
  author={Epstein, Larry G and Zin, Stanley E},
  journal={Econometrica: Journal of the Econometric Society},
  pages={937--969},
  year={1989},
  publisher={JSTOR}
}

@article{epstein1991substitution,
  title={Substitution, risk aversion, and the temporal behavior of consumption and asset returns: An empirical analysis},
  author={Epstein, Larry G and Zin, Stanley E},
  journal={Journal of political Economy},
  pages={263--286},
  year={1991},
  publisher={JSTOR}
}


%% end: distored prob refs

@article{filar1989variance,
  title={Variance-penalized {M}arkov decision processes},
  author={J. Filar and L. Kallenberg and H. Lee},
  journal={Mathematics of Operations Research},
  volume={14},
  number={1},
  pages={147-161},
  year={1989}
}

@article{Sobel82VD,
 author = {M. Sobel},
 title = {The Variance of Discounted {M}arkov Decision Processes},
 journal = {Applied Probability},
 pages = {794-802},
 year = {1982}
 } 

@article{mannor2013algorithmic,
  title={Algorithmic aspects of mean--variance optimization in Markov decision processes},
  author={Mannor, Shie and Tsitsiklis, John N},
  journal={European Journal of Operational Research},
  volume={231},
  number={3},
  pages={645--653},
  year={2013},
  publisher={Elsevier}
}

@article{tamar2014optimizing,
  title={Optimizing the CVaR via sampling},
  author={Tamar, Aviv and Glassner, Yonatan and Mannor, Shie},
  journal={arXiv preprint arXiv:1404.3862},
  year={2014}
}

@inproceedings{chow2014algorithms,
  title={Algorithms for CVaR optimization in MDPs},
  author={Chow, Yinlam and Ghavamzadeh, Mohammad},
  booktitle={Advances in Neural Information Processing Systems},
  pages={3509--3517},
  year={2014}
}

@article{bhatnagar2004simultaneous,
  title={A simultaneous perturbation stochastic approximation-based actor-critic algorithm for Markov decision processes},
  author={Bhatnagar, S. and Kumar, S.},
  journal={IEEE Transactions on Automatic Control},
  volume={49},
  number={4},
  pages={592--598},
  year={2004},
  publisher={IEEE}
}

@book{van2000asymptotic,
  title={Asymptotic statistics},
  author={Van der Vaart, A. W.},
  volume={3},
  year={2000},
  publisher={Cambridge University Press}
}


@book{athreya2006measure,
  title={Measure theory and probability theory},
  author={Athreya, K. B. and Lahiri, S. N.},
  year={2006},
  publisher={Springer Science \& Business Media}
}

@book{lahaprobability,
  title={Probability Theory},
  author={R. G. Laha and V. K. Rohatgi},
  year={1979},
  publisher={Wiley, New York}
}

@article{spall,
author = "J. C. Spall",
title = "Multivariate stochastic approximation 
using a simultaneous
perturbation gradient approximation",
journal = "IEEE Trans. Auto. Cont.",
volume =  "37",
number = "3",
year = 1992,
pages = "332-341"}

@book{chang2013simulation,
  title={{Simulation-based Algorithms for Markov Decision Processes}},
  author={Chang, H. S. and Hu, J. and Fu, M. C. and Marcus, S. I.},
  year={2013},
  publisher={Springer}
}

@book{fu2015handbook,
  editor={Fu, M. C.},
  title={Handbook of Simulation Optimization},
  pages={387},
  year={2015},
  publisher={Springer}
}

@book {wasserman2006,
author={L. A. Wasserman},
title={All of Nonparametric Statistics},
pages={14},
year={2015},
publisher={Springer}
}

@book{gill1981practical,
  title={{Practical Optimization}},
  author={Gill, P.E. and Murray, W. and Wright, M.H.},
  year={1981},
  publisher={Academic Press}
}

@article{bhatnagar2015simultaneous,
  title={{Simultaneous perturbation Newton algorithms for simulation optimization}},
  author={Bhatnagar, S. and Prashanth, L. A.},
  journal={Journal of Optimization Theory and Applications},
  volume={164},
  number={2},
  pages={621--643},
  year={2015},
  publisher={Springer US}
}

@inproceedings{borkar2010learning,
  title={Learning algorithms for risk-sensitive control},
  author={Borkar, V.},
  booktitle={Proceedings of the 19th International Symposium on Mathematical Theory of Networks and Systems--MTNS},
  volume={5},
  number={9},
  year={2010}
}

@article{spall2000adaptive,
author = "J. C. Spall",
title = "Adaptive stochastic approximation by the
simultaneous perturbation method",
journal = "IEEE Trans. Autom. Contr.",
volume =  "45",
year = 2000,
pages = "1839--1853"}


@article{polyak1992acceleration,
  title={Acceleration of stochastic approximation by averaging},
  author={Polyak, B. T. and Juditsky, A. B.},
  journal={SIAM Journal on Control and Optimization},
  volume={30},
  number={4},
  pages={838--855},
  year={1992},
  publisher={SIAM}
}

@article{ruppert1991stochastic,
  title={Stochastic approximation},
  author={Ruppert, D.},
  journal={Handbook of Sequential Analysis},
  pages={503--529},
  year={1991},
}

@article{robbins1951stochastic,
  title={A stochastic approximation method},
  author={Robbins, H. and Monro, S.},
  journal={The Annals of Mathematical Statistics},
  pages={400--407},
  year={1951},
  publisher={JSTOR}
}

@techreport{nesterov2011random,
  title={Random gradient-free minimization of convex functions},
  author={Nesterov, Yurii },
  year={2011},
  institution={Universit{\'e} catholique de Louvain, Center for Operations Research and Econometrics (CORE)}
}

@inproceedings{flaxman2005online,
  title={Online convex optimization in the bandit setting: gradient descent without a gradient},
  author={Flaxman, A. D. and Kalai, A. T. and McMahan, H. B.},
  booktitle={SODA},
  pages={385--394},
  year={2005},
}

@inproceedings{agarwal2010optimal,
  title={Optimal Algorithms for Online Convex Optimization with Multi-Point Bandit Feedback.},
  author={Agarwal, Alekh and Dekel, Ofer and Xiao, Lin},
  booktitle={COLT},
  pages={28--40},
  year={2010},
  organization={Citeseer}
}

@book{hazan2015online,
  title={Online Convex Optimization},
  author={Hazan, E.},  
  year={2015}
}

@article{duchi2013optimal,
  title={Optimal rates for zero-order convex optimization: the power of two function evaluations},
  author={Duchi, J. C. and Jordan, M. I. and Wainwright, M. J. and Wibisono, A.},
  journal={arXiv preprint arXiv:1312.2139},
  year={2013}
}

@article{fathi2013transport,
  title={Transport-entropy inequalities and deviation estimates for stochastic approximation schemes},
  author={Fathi, M. and Frikha, N.},
  journal={Electron. J. Probab},
  volume={18},
  number={67},
  pages={1--36},
  year={2013}
}

@book{spall2005introduction,
  title={{Introduction to Stochastic Search and Optimization: Estimation, Simulation, and Control}},
  author={Spall, J. C.},
  volume={65},
  year={2005},
  publisher={John Wiley \& Sons}
}

@book{bertsekas2013abstract,
  title={Abstract Dynamic Programming},
  author={Bertsekas, D. P.},
  publisher={Athena Scientific, Belmont, MA},
  year={2013}
}

@book{Bhatnagar13SR,
  title={Stochastic Recursive Algorithms for Optimization},
  author={S. Bhatnagar and H. L. Prasad and {L. A.} Prashanth},
  volume = {434},
  year={2013},
  publisher={Springer}
}

@article{sutton1988learning,
  title={Learning to predict by the methods of temporal differences},
  author={Sutton, R. S.},
  journal={Machine Learning},
  volume={3},
  number={1},
  pages={9--44},
  year={1988},
  publisher={Springer}
}

@inproceedings{prashanth2014policy,
  title={{Policy Gradients for CVaR-Constrained MDPs}},
  author={Prashanth, L. A.},
  booktitle={Algorithmic Learning Theory},
  pages={155--169},
  year={2014},
  publisher={Springer International Publishing}
}

@article{fennema1997original,
  title={Original and cumulative prospect theory: A discussion of empirical differences},
  author={Fennema, H. and Wakker, P.},
  journal={Journal of Behavioral Decision Making},
  volume={10},
  pages={53--64},
  year={1997}
}

@article{kahneman1979prospect,
  title={Prospect theory: An analysis of decision under risk},
  author={Kahneman, D. and Tversky, A.},
  journal={Econometrica: Journal of the Econometric Society},
  pages={263--291},
  year={1979},
  publisher={JSTOR}
}

@article{tversky1992advances,
  title={Advances in prospect theory: Cumulative representation of uncertainty},
  author={Tversky, A. and Kahneman, D.},
  journal={Journal of Risk and Uncertainty},
  volume={5},
  number={4},
  pages={297--323},
  year={1992},
  publisher={Springer}
}

@phdthesis{lin2013stochastic,
  title={{Stochastic Systems with Cumulative Prospect Theory}},
  author={Lin, K.},
  year={2013},
  institution = {University of Maryland, College Park},
  type = {{Ph.D. Thesis, University of Maryland, College Park}},
}

%%%%%%%%%%%%

@book{sutton1998reinforcement,
  title={Reinforcement learning: An introduction},
  author={R. Sutton and A. Barto},
  year={1998},
  publisher={MIT Press}
}

@book{bertsekas1995dynamic,
    author = {Bertsekas, Dimitri  P. },
    keywords = {dynamic-programming},
    publisher = {Athena Scientific},
    title = {Dynamic Programming and Optimal Control, vol. II, 3rd edition},
    year = {2007}
}


@article{bartlett2011infinite,
  title={{Infinite-horizon policy-gradient estimation}},
  author={Bartlett, Peter L and Baxter, Jonathan},
  journal={arXiv preprint arXiv:1106.0665},
  year={2011}
}

@article{mannor2011mean,
  title={{Mean-variance optimization in Markov decision processes}},
  author={Mannor, Shie and Tsitsiklis, John},
  journal={arXiv preprint arXiv:1104.5601},
  year={2011}
}


@article{bardou2009computing,
  title={{Computing VaR and CVaR using stochastic approximation and adaptive unconstrained importance sampling}},
  author={Bardou, Olivier and Frikha, Noufel and Pages, Gilles},
  journal={Monte Carlo Methods and Applications},
  volume={15},
  number={3},
  pages={173--210},
  year={2009}
}

@article{atchade2014stochastic,
  title={{On stochastic proximal gradient algorithms}},
  author={Atchade, Yves F and Fort, Gersende and Moulines, Eric},
  journal={arXiv preprint arXiv:1402.2365},
  year={2014}
}

@article{artzner1999coherent,
  title={{Coherent measures of risk}},
  author={Artzner, Philippe and Delbaen, Freddy and Eber, Jean-Marc and Heath, David},
  journal={Mathematical finance},
  volume={9},
  number={3},
  pages={203--228},
  year={1999},
  publisher={Wiley Online Library}
}

@book{borkar2008stochastic,
  title={{Stochastic Approximation: A Dynamical Systems Viewpoint}},
  author={V. Borkar},
  year={2008},
  publisher={Cambridge University Press}
}

@inproceedings{tamar2012policy,
  title={{Policy gradients with variance related risk criteria}},
  author={A. Tamar and D. D. Castro and S. Mannor},
  booktitle={{Proceedings of the Twenty-Ninth International Conference on Machine Learning}},
  pages={387-396},
  year={2012}
}

@INPROCEEDINGS{Prashanth13AC,
   AUTHOR = "Prashanth, L. A. and M. Ghavamzadeh",
   TITLE = "Actor-Critic Algorithms for Risk-Sensitive {MDP}s",
   BOOKTITLE = "Proceedings of Advances in Neural Information Processing Systems 26",
   PAGES = "252-260",
   YEAR = "2013"}  

@article{Tamar13VA,
  title={{Variance adjusted actor-critic algorithms}},
  author={A. Tamar and S. Mannor},
  journal={arXiv preprint arXiv:1310.3697},
  year={2013}
}

@inproceedings{borkar2010risk,
  title={{Risk-constrained Markov decision processes}},
  author={Borkar, V. and Jain, R.},
  booktitle={{IEEE Conference on Decision and Control (CDC)}},
  pages={2664--2669},
  year={2010}
}

@article{tamar2014policy,
  title={{Policy Gradients Beyond Expectations: Conditional Value-at-Risk}},
  author={Tamar, Aviv and Glassner, Yonatan and Mannor, Shie},
  journal={arXiv preprint arXiv:1404.3862},
  year={2014}
}

@article{lemaire2010unconstrained,
  title={{Unconstrained recursive importance sampling}},
  author={Lemaire, Vincent and Pages, Gilles},
  journal={The Annals of Applied Probability},
  volume={20},
  number={3},
  pages={1029--1067},
  year={2010},
}

@inproceedings{glynn1987likelilood,
  title={{Likelilood ratio gradient estimation: an overview}},
  author={Glynn, Peter W},
  booktitle={{Proceedings of the 19th conference on Winter simulation}},
  pages={366--375},
  year={1987},
  organization={ACM}
}

@article{borkar2005actor,
  title={{An actor-critic algorithm for constrained {Markov} decision processes}},
  author={V. Borkar},
  journal={Systems \& Control Letters},
  volume={54},
  number={3},
  pages={207-213},
  year={2005},
}

@book{mas1995microeconomic,
  title={{Microeconomic theory}},
  author={A. Mas-Colell and M. Whinston and J. Green},
  year={1995},
  publisher={Oxford University Press}
}

@book{kushner-clark,
  title={{Stochastic Approximation Methods for Constrained and Unconstrained Systems}},
  author={H. Kushner and D. Clark},
  publisher={Springer-Verlag},
  year=1978,
  pages={191-196}
}

@article{rockafellar2000optimization,
  title={{Optimization of conditional value-at-risk}},
  author={Rockafellar, R. T. and Uryasev, S.},
  journal={Journal of risk},
  volume={2},
  pages={21--42},
  year={2000}
}

@article{Pracheng2015cpt,
  title={{Cumulative Prospect Theory Meets Reinforcement Learning: Prediction and Control}},
  author={Prashanth, L.A. and Jie,Cheng and Fu, M. C. and Marcus, S. I. and others},
  journal={arXiv preprint arXiv:1506.02632},
  year={2015}
}

@book{Warrenb2007approximate,
  title={{Approximate Dynamic Programming: Solving the Curses of Dimensionality}},
  author={Powell, W.B.},
  publisher={Wiley Series in Probability and Statistics},
  year=2007,
}
